@Manual{R-base,
  title = {R: A Language and Environment for Statistical Computing},
  author = {{R Core Team}},
  organization = {R Foundation for Statistical Computing},
  address = {Vienna, Austria},
  year = {2016},
  url = {https://www.R-project.org/},
}
@Manual{R-bitops,
  title = {bitops: Bitwise Operations},
  author = {S original by Steve Dutky initial R port and extensions by Martin Maechler; revised and modified by Steve Dutky},
  year = {2013},
  note = {R package version 1.0-6},
  url = {https://CRAN.R-project.org/package=bitops},
}
@Article{R-bootnet,
  title = {Estimating Psychological Networks and their Accuracy: A Tutorial Paper},
  author = {Sacha Epskamp and Denny Borsboom and Eiko I. Fried},
  journal = {Behavior Research Methods},
  url = {https://arxiv.org/abs/1604.08462},
  year = {2017},
}
@Manual{R-careless,
  title = {careless: Procedures for computing indices of careless responding.},
  author = {Richard Yentes},
  year = {2016},
  note = {R package version 1.0},
}
@Manual{R-corrr,
  title = {corrr: Correlations in R},
  author = {Simon Jackson},
  year = {2016},
  note = {R package version 0.2.1},
  url = {https://CRAN.R-project.org/package=corrr},
}
@Manual{R-dplyr,
  title = {dplyr: A Grammar of Data Manipulation},
  author = {Hadley Wickham and Romain Francois},
  year = {2016},
  note = {R package version 0.5.0},
  url = {https://CRAN.R-project.org/package=dplyr},
}
@Article{R-Formula,
  title = {Extended Model Formulas in {R}: Multiple Parts and Multiple Responses},
  author = {Achim Zeileis and Yves Croissant},
  journal = {Journal of Statistical Software},
  year = {2010},
  volume = {34},
  number = {1},
  pages = {1--13},
  url = {http://www.jstatsoft.org/v34/i01/},
}
@Book{R-ggplot2,
  author = {Hadley Wickham},
  title = {ggplot2: Elegant Graphics for Data Analysis},
  publisher = {Springer-Verlag New York},
  year = {2009},
  isbn = {978-0-387-98140-6},
  url = {http://ggplot2.org},
}
@Manual{R-Hmisc,
  title = {Hmisc: Harrell Miscellaneous},
  author = {Frank E {Harrell Jr} and with contributions from Charles Dupont and many others.},
  year = {2017},
  note = {R package version 4.0-3},
  url = {https://CRAN.R-project.org/package=Hmisc},
}
@Book{R-lattice,
  title = {Lattice: Multivariate Data Visualization with R},
  author = {Deepayan Sarkar},
  publisher = {Springer},
  address = {New York},
  year = {2008},
  note = {ISBN 978-0-387-75968-5},
  url = {http://lmdvr.r-forge.r-project.org},
}
@Article{R-lavaan,
  title = {{lavaan}: An {R} Package for Structural Equation Modeling},
  author = {Yves Rosseel},
  journal = {Journal of Statistical Software},
  year = {2012},
  volume = {48},
  number = {2},
  pages = {1--36},
  url = {http://www.jstatsoft.org/v48/i02/},
}
@Article{R-mgm,
  title = {mgm: Structure Estimation for Time-Varying Mixed Graphical Models in high-dimensional Data},
  author = {Jonas M. B. Haslbeck and Lourens J. Waldorp},
  journal = {arXiv preprint:1510.06871v2},
  year = {2016},
  url = {http://arxiv.org/abs/1510.06871v2},
}
@Manual{R-papaja,
  author = {Frederik Aust and Marius Barth},
  title = {{papaja}: {Create} {APA} manuscripts with {R Markdown}},
  year = {2017},
  note = {R package version 0.1.0.9492},
  url = {https://github.com/crsh/papaja},
}
@Manual{R-psych,
  title = {psych: Procedures for Psychological, Psychometric, and Personality Research},
  author = {William Revelle},
  organization = { Northwestern University},
  address = { Evanston, Illinois},
  year = {2016},
  note = {R package version 1.6.12},
  url = {https://CRAN.R-project.org/package=psych},
}
@Manual{R-purrr,
  title = {purrr: Functional Programming Tools},
  author = {Hadley Wickham},
  year = {2016},
  note = {R package version 0.2.2},
  url = {https://CRAN.R-project.org/package=purrr},
}
@Article{R-qgraph,
  title = {{qgraph}: Network Visualizations of Relationships in Psychometric Data},
  author = {Sacha Epskamp and Angelique O. J. Cramer and Lourens J. Waldorp and Verena D. Schmittmann and Denny Borsboom},
  journal = {Journal of Statistical Software},
  year = {2012},
  volume = {48},
  number = {4},
  pages = {1--18},
  url = {http://www.jstatsoft.org/v48/i04/},
}
@Manual{R-RCurl,
  title = {RCurl: General Network (HTTP/FTP/...) Client Interface for R},
  author = {Duncan Temple Lang and the CRAN team},
  year = {2016},
  note = {R package version 1.95-4.8},
  url = {https://CRAN.R-project.org/package=RCurl},
}
@Manual{R-readr,
  title = {readr: Read Tabular Data},
  author = {Hadley Wickham and Jim Hester and Romain Francois},
  year = {2016},
  note = {R package version 1.0.0},
  url = {https://CRAN.R-project.org/package=readr},
}
@Manual{R-stringr,
  title = {stringr: Simple, Consistent Wrappers for Common String Operations},
  author = {Hadley Wickham},
  year = {2017},
  note = {R package version 1.2.0},
  url = {https://CRAN.R-project.org/package=stringr},
}
@Book{R-survival-book,
  title = {Modeling Survival Data: Extending the {C}ox Model},
  author = {{Terry M. Therneau} and {Patricia M. Grambsch}},
  year = {2000},
  publisher = {Springer},
  address = {New York},
  isbn = {0-387-98784-3},
}
@Manual{R-tibble,
  title = {tibble: Simple Data Frames},
  author = {Hadley Wickham and Romain Francois and Kirill Mller},
  year = {2016},
  note = {R package version 1.2},
  url = {https://CRAN.R-project.org/package=tibble},
}
@Manual{R-tidyr,
  title = {tidyr: Easily Tidy Data with 'spread()' and 'gather()' Functions},
  author = {Hadley Wickham},
  year = {2017},
  note = {R package version 0.6.1},
  url = {https://CRAN.R-project.org/package=tidyr},
}
@Manual{R-tidyverse,
  title = {tidyverse: Easily Install and Load 'Tidyverse' Packages},
  author = {Hadley Wickham},
  year = {2017},
  note = {R package version 1.1.1},
  url = {https://CRAN.R-project.org/package=tidyverse},
}
@Book{R-knitr,
  title = {Dynamic Documents with {R} and knitr},
  author = {Yihui Xie},
  publisher = {Chapman and Hall/CRC},
  address = {Boca Raton, Florida},
  year = {2015},
  edition = {2nd},
  note = {ISBN 978-1498716963},
  url = {https://yihui.name/knitr/},
}
@Manual{R-pander,
  title = {pander: An R Pandoc Writer},
  author = {Gergely Darczi and Roman Tsegelskyi},
  year = {2015},
  note = {R package version 0.6.0},
  url = {https://CRAN.R-project.org/package=pander},
}
@Manual{R-kableExtra,
  title = {kableExtra: Construct Complex Table with 'kable' and Pipe Syntax},
  author = {Hao Zhu},
  year = {2017},
  note = {R package version 0.4.0},
  url = {https://CRAN.R-project.org/package=kableExtra},
}
@Article{robertsValidityIssuesLikert1999,
  title = {Validity {{Issues}} in the {{Likert}} and {{Thurstone Approaches}} to {{Attitude Measurement}}},
  volume = {59},
  issn = {0013-1644, 1552-3888},
  doi = {10.1177/00131649921969811},
  language = {en},
  number = {2},
  journal = {Educational and Psychological Measurement},
  author = {James S. Roberts and James E. Laughlin and Douglas H. Wedell},
  month = {apr},
  year = {1999},
  pages = {211-233},
  file = {/Users/chriscastille/Zotero/storage/3X28HP4M/Roberts et al. - 1999 - Validity Issues in the Likert and Thurstone Approa.pdf},
}
@Article{starkExaminingAssumptionsItem2006,
  title = {Examining Assumptions about Item Responding in Personality Assessment: {{Should}} Ideal Point Methods Be Considered for Scale Development and Scoring?},
  volume = {91},
  issn = {1939-1854, 0021-9010},
  shorttitle = {Examining Assumptions about Item Responding in Personality Assessment},
  doi = {10.1037/0021-9010.91.1.25},
  language = {en},
  number = {1},
  journal = {Journal of Applied Psychology},
  author = {Stephen Stark and Oleksandr S. Chernyshenko and Fritz Drasgow and Bruce A. Williams},
  year = {2006},
  pages = {25-39},
  file = {/Users/chriscastille/Zotero/storage/AGH76IVR/Stark et al. - 2006 - Examining assumptions about item responding in per.pdf},
}
@Article{drasgow75YearsLikert2010,
  title = {75 {{Years After Likert}}: {{Thurstone Was Right}}!},
  volume = {3},
  issn = {1754-9426, 1754-9434},
  shorttitle = {75 {{Years After Likert}}},
  doi = {10.1111/j.1754-9434.2010.01273.x},
  language = {en},
  number = {04},
  journal = {Industrial and Organizational Psychology},
  author = {Fritz Drasgow and Oleksandr S. Chernyshenko and Stephen Stark},
  month = {dec},
  year = {2010},
  pages = {465-476},
  file = {/Users/chriscastille/Zotero/storage/9GFSLZTT/Drasgow et al. - 2010 - 75 Years After Likert Thurstone Was Right!.pdf},
}
@Article{fleesonWholeTraitTheory2015,
  title = {Whole {{Trait Theory}}},
  volume = {56},
  issn = {00926566},
  doi = {10.1016/j.jrp.2014.10.009},
  language = {en},
  journal = {Journal of Research in Personality},
  author = {William Fleeson and Eranda Jayawickreme},
  month = {jun},
  year = {2015},
  pages = {82-92},
  file = {/Users/chriscastille/Zotero/storage/XSBVSJLL/Fleeson and Jayawickreme - 2015 - Whole Trait Theory.pdf},
}
@Article{cramerDimensionsNormalPersonality2012,
  title = {Dimensions of {{Normal Personality}} as {{Networks}} in {{Search}} of {{Equilibrium}}: {{You Can}}'t {{Like Parties}} If {{You Don}}'t {{Like People}}: {{Dimensions}} of Normal Personality as Networks},
  volume = {26},
  issn = {08902070},
  shorttitle = {Dimensions of {{Normal Personality}} as {{Networks}} in {{Search}} of {{Equilibrium}}},
  doi = {10.1002/per.1866},
  language = {en},
  number = {4},
  journal = {European Journal of Personality},
  author = {Ang{\a'e}lique O. J. Cramer and Sophie {van der Sluis} and Arjen Noordhof and Marieke Wichers and Nicole Geschwind and Steven H. Aggen and Kenneth S. Kendler and Denny Borsboom},
  month = {jul},
  year = {2012},
  pages = {414-431},
  file = {/Users/chriscastille/Zotero/storage/V54P2H8J/Cramer et al. - 2012 - Dimensions of Normal Personality as Networks in Se.pdf},
}
@Article{woodHowFunctionalistProcess2015,
  title = {How Functionalist and Process Approaches to Behavior Can Explain Trait Covariation.},
  volume = {122},
  issn = {1939-1471, 0033-295X},
  doi = {10.1037/a0038423},
  language = {en},
  number = {1},
  journal = {Psychological Review},
  author = {Dustin Wood and Molly Hensler Gardner and P. D. Harms},
  year = {2015},
  pages = {84-111},
  file = {/Users/chriscastille/Zotero/storage/9A9XSXI9/Wood et al. - 2015 - How functionalist and process approaches to behavi.pdf},
}
@Article{borsboomNetworkAnalysisIntegrative2013,
  title = {Network {{Analysis}}: {{An Integrative Approach}} to the {{Structure}} of {{Psychopathology}}},
  volume = {9},
  issn = {1548-5943, 1548-5951},
  shorttitle = {Network {{Analysis}}},
  doi = {10.1146/annurev-clinpsy-050212-185608},
  language = {en},
  number = {1},
  journal = {Annual Review of Clinical Psychology},
  author = {Denny Borsboom and Ang{\a'e}lique O.J. Cramer},
  month = {mar},
  year = {2013},
  pages = {91-121},
  file = {/Users/chriscastille/Zotero/storage/2TIBWX7H/Borsboom and Cramer - 2013 - Network Analysis An Integrative Approach to the S.pdf},
}
@Article{costantiniFrameworkTestingCausality2018,
  title = {A {{Framework}} for {{Testing Causality}} in {{Personality Research}}},
  volume = {32},
  issn = {1099-0984},
  doi = {10.1002/per.2150},
  language = {en},
  number = {3},
  journal = {European Journal of Personality},
  author = {Giulio Costantini and Marco Perugini},
  year = {2018},
  keywords = {causality,conscientiousness,emergence,goals,networks},
  pages = {254-268},
  file = {/Users/chriscastille/Zotero/storage/E6YG4SAD/Costantini and Perugini - A Framework for Testing Causality in Personality R.pdf;/Users/chriscastille/Zotero/storage/CDUH6974/per.html},
}

@Article{costantiniStateARtPersonality2015,
  series = {R Special Issue},
  title = {State of the {{aRt}} Personality Research: {{A}} Tutorial on Network Analysis of Personality Data in {{R}}},
  volume = {54},
  issn = {0092-6566},
  shorttitle = {State of the {{aRt}} Personality Research},
  doi = {10.1016/j.jrp.2014.07.003},
  journal = {Journal of Research in Personality},
  author = {Giulio Costantini and Sacha Epskamp and Denny Borsboom and Marco Perugini and Ren{\a'e} M{\~o}ttus and Lourens J. Waldorp and Ang{\a'e}lique O. J. Cramer},
  month = {feb},
  year = {2015},
  keywords = {Centrality,Clustering,HEXACO,Latent variables,Network analysis,Personality traits,Psychometrics},
  pages = {13-29},
  file = {/Users/chriscastille/Zotero/storage/9UDXU279/S0092656614000701.html},
}
@Book{castilleBrightDarkVirtues2015,
  title = {Bright or Dark, or Virtues and Vices? {{A}} Reexamination of the Big Five and Job Performanc},
  publisher = {{Unpublished Doctoral Dissertation, Louisiana Tech University}},
  author = {Christopher M. Castille},
  year = {2015},
}

@Article{deyoungCyberneticBigFive2015,
  title = {Cybernetic {{Big Five Theory}}},
  volume = {56},
  issn = {00926566},
  doi = {10.1016/j.jrp.2014.07.004},
  language = {en},
  journal = {Journal of Research in Personality},
  author = {Colin G. DeYoung},
  month = {jun},
  year = {2015},
  pages = {33-58},
  file = {/Users/chriscastille/Zotero/storage/6Q25CCVS/DeYoung - 2015 - Cybernetic Big Five Theory.pdf},
}
@Article{epskampEstimatingPsychologicalNetworks2018,
  title = {Estimating Psychological Networks and Their Accuracy: {{A}} Tutorial Paper},
  volume = {50},
  issn = {1554-3528},
  shorttitle = {Estimating Psychological Networks and Their Accuracy},
  doi = {10.3758/s13428-017-0862-1},
  language = {en},
  number = {1},
  journal = {Behavior Research Methods},
  author = {Sacha Epskamp and Denny Borsboom and Eiko I. Fried},
  year = {2018},
  pages = {195-212},
  file = {/Users/chriscastille/Zotero/storage/H7XP595M/Epskamp et al. - 2018 - Estimating psychological networks and their accura.pdf;/Users/chriscastille/Zotero/storage/IIIRS5FJ/s13428-017-0862-1.html},
}
@Article{wattsCollectiveDynamicsSmallWorld1998,
  title = {Collective {{Dynamics}} of {{Small}}-{{World Networks}}},
  volume = {393},
  language = {en},
  journal = {Nature},
  author = {Duncan Watts and Steven Strogatz},
  year = {1998},
  pages = {3},
  file = {/Users/chriscastille/Zotero/storage/MCJC54VY/Watts and Strogatz - 1998 - Collective Dynamics of Small-World Networks.pdf},
}
@Book{newmanNetworks2010,
  address = {Oxford, UK},
  edition = {Second Edition},
  title = {Networks},
  publisher = {{Oxford University}},
  author = {Mark Newman},
  year = {2010},
}

@Article{opsahlNodeCentralityWeighted2010,
  title = {Node Centrality in Weighted Networks: {{Generalizing}} Degree and Shortest Paths},
  volume = {32},
  issn = {03788733},
  shorttitle = {Node Centrality in Weighted Networks},
  doi = {10.1016/j.socnet.2010.03.006},
  language = {en},
  number = {3},
  journal = {Social Networks},
  author = {Tore Opsahl and Filip Agneessens and John Skvoretz},
  month = {jul},
  year = {2010},
  pages = {245-251},
  file = {/Users/chriscastille/Zotero/storage/JAKUIR7C/Opsahl et al. - 2010 - Node centrality in weighted networks Generalizing.pdf;/Users/chriscastille/Zotero/storage/W59K72WE/opsahl2010.pdf},
}
@Article{robertsStructureConscientiousnessEmpirical2005,
  title = {The Structure of Conscientiousness: {{An}} Empirical Investigation Based on Seven Major Personality Questionnaires},
  volume = {58},
  issn = {0031-5826, 1744-6570},
  shorttitle = {{{THE STRUCTURE OF CONSCIENTIOUSNESS}}},
  doi = {10.1111/j.1744-6570.2005.00301.x},
  language = {en},
  number = {1},
  journal = {Personnel Psychology},
  author = {Brent W. Roberts and Oleksandr S. Chernyshenko and Stephen Stark and Lewis R. Goldberg},
  month = {mar},
  year = {2005},
  pages = {103-139},
  file = {/Users/chriscastille/Zotero/storage/8G2QKLSY/Roberts et al. - 2005 - THE STRUCTURE OF CONSCIENTIOUSNESS AN EMPIRICAL I.pdf;/Users/chriscastille/Zotero/storage/QXBRTHAS/roberts2005.pdf},
}
@Article{dijkstraNoteTwoProblems1959,
  title = {A Note on Two Problems in Connexion with Graphs},
  volume = {1},
  language = {en},
  journal = {Numerische Mathematik},
  author = {E. W. Dijkstra},
  year = {1959},
  pages = {269-271},
  file = {/Users/chriscastille/Zotero/storage/FUA94EKA/DrrKsrRA - A Note on Two Problemsin Connexionwith Graphs.pdf},
}
@Manual{R-forcats,
  title = {forcats: Tools for Working with Categorical Variables (Factors)},
  author = {Hadley Wickham},
  year = {2018},
  note = {R package version 0.3.0},
  url = {https://CRAN.R-project.org/package=forcats},
}
